<?xml version="1.0" encoding="UTF-8"?><collection xmlns="http://www.loc.gov/MARC21/slim"><record><leader>00527nam--2200181-i-4500</leader><controlfield tag="001">000039441</controlfield><controlfield tag="002">20161230</controlfield><controlfield tag="005">20161230201042</controlfield><controlfield tag="008">060222s1000------------r-----000-0-fre-d</controlfield><datafield ind1=" " ind2=" " tag="040"><subfield code="a">IFIN-HH</subfield></datafield><datafield ind1=" " ind2=" " tag="041"><subfield code="a">fre</subfield></datafield><datafield ind1=" " ind2=" " tag="080"><subfield code="a">539.373(043)</subfield></datafield><datafield ind1="1" ind2=" " tag="100"><subfield code="a">Roche, Claude</subfield></datafield><datafield ind1="1" ind2="0" tag="245"><subfield code="a">Etude de la deformation plastique par cisaillement monocristaux d`alliages fer-silicium</subfield><subfield code="b">These</subfield><subfield code="c">Claude roche</subfield></datafield><datafield ind1=" " ind2=" " tag="260"><subfield code="a">Paris</subfield><subfield code="b">Universite Pierre Et Marie Curie</subfield><subfield code="c">1976</subfield></datafield><datafield ind1=" " ind2=" " tag="300"><subfield code="a">197P</subfield></datafield><datafield ind1=" " ind2=" " tag="852"><subfield code="a">44014</subfield><subfield code="c">539.3</subfield></datafield><datafield ind1=" " ind2=" " tag="CAT"><subfield code="a">Sys</subfield><subfield code="c">20130121</subfield><subfield code="h">144434</subfield></datafield></record></collection>